@book{auv,
  Author = {Агеев М. Д., Киселев Л. В., Матвиенко Ю. В.},
  Title = {Автономные подводные роботы: системы и технологии},
  Publisher = {Наука},
  Year = {2005},
  ISBN = {5020335266},
}

@online{ga,
  author = {Wikipedia},
  title = {Genetic algorithm},
  year = 2002,
  url = {http://en.wikipedia.org/wiki/Genetic_algorithm},
  urldate = {2015-06-07}
}

@article{bektas2006multiple,
  title={The multiple traveling salesman problem: an overview of formulations and solution procedures},
  author={Bektas, Tolga},
  journal={Omega},
  volume={34},
  number={3},
  pages={209--219},
  year={2006},
  publisher={Elsevier}
}

@article{tuphanov,
  title={Разработка алгоритмов группового поведения АНПА в задаче обследования локальных неоднородностей морской среды},
  author={Туфанов, Игорь Евгеньевич и Щербатюк, Александр Федорович},
  journal={Управление большими системами},
  volume={36},
  pages={262--284},
  year={2012},
  publisher={Институт проблем управления им. ВА Трапезникова РАН}
}

@inbook{binaryprog,
    Annote = {doi:10.2514/6.2013-4665},
    Author = {Elad H. Kivelevitch and Kelly Cohen and Manish Kumar},
    Booktitle = {AIAA Infotech{\char64}Aerospace (I{\char64}A) Conference},
    Date-Added = {2015-06-07 00:22:16 +0000},
    Date-Modified = {2015-06-07 00:22:16 +0000},
    Doi = {doi:10.2514/6.2013-4665},
    M1 = {0},
    M3 = {doi:10.2514/6.2013-4665},
    Month = {2015/06/06},
    Publisher = {American Institute of Aeronautics and Astronautics},
    Title = {A Binary Programming Solution to the Min-Max Multiple-Depots, Multiple Traveling Salesman Problem},
    Title1 = {Guidance, Navigation, and Control and Co-located Conferences},
    Ty = {CHAP},
    Url = {http://dx.doi.org/10.2514/6.2013-4665},
    Year = {2013},
    Year1 = {2013/08/15},
    Bdsk-Url-1 = {http://dx.doi.org/10.2514/6.2013-4665}
}

@incollection{kiraly2010novel,
  title={A novel approach to solve multiple traveling salesmen problem by genetic algorithm},
  author={Kir{\'a}ly, Andr{\'a}s and Abonyi, J{\'a}nos},
  booktitle={Computational Intelligence in Engineering},
  pages={141--151},
  year={2010},
  publisher={Springer}
}

@phdthesis{na2007heurisic,
  title={Heurisic approaches for no-depot k-traveling salesmen problem with a minmax objective},
  author={Na, Byungsoo},
  year={2007},
  school={Texas A\&M University}
}

@incollection{hultberg2007flopc++,
  title={Flopc++ an algebraic modeling language embedded in c++},
  author={Hultberg, Tim Helge},
  booktitle={Operations Research Proceedings 2006},
  pages={187--190},
  year={2007},
  publisher={Springer}
}

@incollection{ralphs2005symphony,
  title={The SYMPHONY callable library for mixed integer programming},
  author={Ralphs, Ted K and G{\"u}zelsoy, Menal},
  booktitle={The next wave in computing, optimization, and decision technologies},
  pages={61--76},
  year={2005},
  publisher={Springer}
}


